@inproceedings{Frank1998,
    author = {Eibe Frank and Ian H. Witten},
    booktitle = {Fifteenth International Conference on Machine Learning},
    editor = {J. Shavlik},
    pages = {144-151},
    publisher = {Morgan Kaufmann},
    title = {Generating Accurate Rule Sets Without Global Optimization},
    year = {1998},
    PS = {http://www.cs.waikato.ac.nz/\~eibe/pubs/ML98-57.ps.gz}
}
 
@misc{weka_PART,
  author = {WEKA},
  title = {PART},
  year = {-},
  howpublished = {\url{http://weka.sourceforge.net/doc.dev/weka/classifiers/rules/PART.html}}
}
