@article{Michie1995-MICCAA-2,
	title = {Consciousness as an Engineering Issue, Part},
	journal = {Journal of Consciousness Studies},
	author = {Donald Michie},
	pages = {52--66},
	number = {1},
	volume = {2},
	year = {1995}
}
